@article{Andersen-Gott2011,
  author = {Andersen-Gott, Morten and Ghinea, Gheorghita and Bygstad, Bendik},
  issn = {02684012},
  journal = {International Journal of Information Management},
  month = nov,
  publisher = {Elsevier Ltd},
  title = {{Why Do Commercial Companies Contribute to Open Source Software?}},
  url = {http://linkinghub.elsevier.com/retrieve/pii/S026840121100123X},
  year = {2011}
}

@article{Armstrong2006,
  author = {Armstrong, Deborah J},
  journal = {Communications of the ACM},
  number = {2},
  pages = {123--128},
  publisher = {ACM},
  title = {{The Quarks of Object-Oriented Development}},
  volume = {49},
  year = {2006}
}

@article{Basili1975,
  author = {Basili, Victor R. and Turner, Albert J.},
  journal = {IEEE Transactions on Software Engineering},
  number = {4},
  pages = {390--396},
  title = {{Iterative Enhancement: A Practical Technique for Software Development}},
  volume = {SE-1},
  year = {1975}
}

@article{Beck1999,
  author = {Beck, Kent},
  journal = {IEEE Computer},
  number = {10},
  pages = {70--77},
  title = {{Embracing Change with Extreme Programming}},
  volume = {32},
  year = {1999}
}

@article{Bezroukov1999,
  author = {Bezroukov, Nikolai},
  journal = {First Monday},
  number = {12},
  title = {{A Second Look at the Cathedral and Bazaar}},
  volume = {4},
  year = {1999}
}

@article{Bezroukov1999a,
  author = {Bezroukov, Nikolai},
  journal = {First Monday},
  number = {10},
  title = {{Open Source Software Development as a Special Type of Academic Research (Critique of Vulgar Raymondism)}},
  volume = {4},
  year = {1999}
}

@article{Boehm1988,
  author = {Boehm, Barry W},
  journal = {IEEE Computer},
  number = {5},
  pages = {61--72},
  title = {{A Spiral Model of Software Development and Enhancement}},
  volume = {21},
  year = {1988}
}

@article{Conway1968,
  author = {Conway, Melvin E.},
  journal = {Datamation},
  number = {4},
  pages = {28--31},
  title = {{How Do Committees Invent?}},
  volume = {14},
  year = {1968}
}

@article{Crowston2005a,
  author = {Crowston, Kevin and Howison, James},
  journal = {First Monday},
  number = {2},
  title = {{The Social Structure of Free and Open Source Software Development}},
  volume = {10},
  year = {2005}
}

@article{German2003,
  author = {German, Daniel M.},
  journal = {Software Process: Improvement and Practice},
  keywords = {GNOME},
  number = {4},
  pages = {201--215},
  title = {{The GNOME Project: A Case Study of Open Source, Global Software Development}},
  volume = {8},
  year = {2003}
}

@article{Ghosh2005,
  author = {Ghosh, R.A.},
  journal = {Perspectives on Free and Open Source Software},
  pages = {23--46},
  publisher = {Cambridge MA: MIT Press},
  title = {{Understanding Free Software Developers: Findings from the FLOSS Study}},
  year = {2005}
}

@article{Hazzan2006,
  author = {Hazzan, Orit and Dubinsky, Yael and Eidelman, Larisa and Sakhnini, Victoria and Teif, Mariana},
  isbn = {1595932593},
  journal = {Proceedings of the 37th SIGCSE Technical Symposium on Computer Science Education},
  pages = {408--412},
  publisher = {ACM Press},
  title = {{Qualitative Research in Computer Science Education}},
  year = {2006}
}

@article{Heath2004,
  author = {Heath, H.},
  journal = {International Journal of Nursing Studies},
  number = {2},
  pages = {141--150},
  title = {{Developing a Grounded Theory Approach: A Comparison of Glaser and Strauss}},
  volume = {41},
  year = {2004}
}

@article{Hertel2003,
  author = {Hertel, Guido and Niedner, Sven and Herrmann, Stefanie},
  journal = {Research Policy},
  number = {7},
  pages = {1159--1177},
  publisher = {Elsevier Science},
  title = {{Motivation of Software Developers in Open Source Projects: An Internet Based Survey of Contributors to the Linux Kernel}},
  volume = {32},
  year = {2003}
}

@article{Jorgensen2001,
  author = {J{\o}rgensen, Niels},
  journal = {Information Systems Journal},
  number = {4},
  title = {{Putting it All in the Trunk: Incremental Software Development in the FreeBSD Open Source Project}},
  volume = {11},
  year = {2001}
}

@article{Koch2002,
  author = {Koch, Stefan and Schneider, Georg},
  journal = {Information Systems Journal},
  number = {1},
  pages = {27--42},
  title = {{Effort, Co-Operation and Co-Ordination in an Open Source Software Project: GNOME}},
  volume = {12},
  year = {2002}
}

@article{Krishnamurthy2002,
  author = {Krishnamurthy, Sandeep},
  journal = {First Monday},
  number = {6},
  title = {{Cave or Community? An Empirical Investigation of 100 Mature Open Source Projects}},
  volume = {7},
  year = {2002}
}

@article{Lakhani2002,
  author = {Lakhani, Karim and von Hippel, Eric},
  journal = {Research Policy},
  number = {6},
  pages = {923--943},
  title = {{How Open Source Software Works: "Free" User-to-User Assistance}},
  volume = {32},
  year = {2002}
}

@article{Lakhani2003,
  author = {Lakhani, Karim and Wolf, Robert G.},
  journal = {Social Science Research Network},
  pages = {1--27},
  title = {{Why Hackers Do What They Do: Understanding Motivation and Effort in Free/Open Source Software Projects}},
  year = {2003}
}

@article{Magnusson2010,
  author = {Magnusson, Hannes},
  journal = {php architect},
  keywords = {PHP},
  month = jul,
  pages = {35--40},
  title = {{Community in Action}},
  year = {2010}
}

@article{Mayring2000,
  author = {Mayring, Philipp},
  journal = {Forum Qualitative Social Research},
  number = {2},
  title = {{Qualitative Content Analysis}},
  volume = {1},
  year = {2000}
}

@article{Meerbaum-Salant2010,
  author = {Meerbaum-Salant, Orni and Armoni, Michal and Ben-Ari, Mordechai (Moti)},
  isbn = {9781450302579},
  journal = {Proceedings of the Sixth International Workshop on Computing Education Research},
  pages = {69--76},
  publisher = {ACM Press},
  title = {{Learning Computer Science Concepts with Scratch}},
  year = {2010}
}

@article{Mockus2002,
  author = {Mockus, Audris and Fielding, Roy T and Herbsleb, James D},
  journal = {ACM Transactions on Software Engineering and Methodology},
  number = {3},
  pages = {309--346},
  title = {{Two Case Studies of Open Source Software Development: Apache and Mozilla}},
  volume = {11},
  year = {2002}
}

@article{Pandit1996,
  author = {Pandit, Naresh R.},
  journal = {The Qualitative Report},
  number = {4},
  title = {{The Creation of Theory: A Recent Application of the Grounded Theory Method}},
  volume = {2},
  year = {1996}
}

@article{Raymond1998,
  author = {Raymond, Eric},
  journal = {First Monday},
  number = {3},
  title = {{The Cathedral and the Bazaar}},
  volume = {3},
  year = {1998}
}

@article{Roets2007,
  author = {Roets, Rinette and Minnaar, Marylou and Wright, Kerry},
  journal = {Computers in Developing Countries},
  title = {{Open Source: Towards Successful Systems Development Projects in Developing Countries}},
  year = {2007}
}

@article{Royce1970,
  author = {Royce, Winston W.},
  journal = {Proceedings of IEEE WESCON},
  pages = {1--9},
  title = {{Managing the Development of Large Software Systems}},
  year = {1970}
}

@article{Sadowski2008,
  author = {Sadowski, Bert M. and Sadowski-Rasters, Gaby and Duysters, Geert},
  journal = {Information Economics and Policy},
  keywords = {Debian},
  number = {4},
  pages = {323--332},
  publisher = {Elsevier B.V.},
  title = {{Transition of Governance in a Mature Open Software Source Community: Evidence from the Debian Case}},
  volume = {20},
  year = {2008}
}

@article{Sarker2001,
  author = {Sarker, Suprateek and Lau, Francis and Sahay, Sundeep},
  journal = {Database for Advances in Information Systems},
  number = {1},
  pages = {38--56},
  publisher = {ACM},
  title = {{Using an Adapted Grounded Theory Approach for Inductive Theory Building about Virtual Team Development}},
  volume = {32},
  year = {2001}
}

@article{Schwaber1995,
  author = {Schwaber, Ken},
  journal = {OOPSLA Business Object Design and Implementation},
  pages = {10--19},
  title = {{Scrum Development Process}},
  year = {1995}
}

@article{Schweik2003,
  author = {Schweik, Charles M. and Semenov, Andrei},
  journal = {First Monday},
  number = {1},
  title = {{The Institutional Design of Open Source Programming: Implications for Addressing Complex Public Policy and Management Problems}},
  volume = {8},
  year = {2003}
}

@article{Spinellis2004,
  author = {Spinellis, Diomidis and Szyperski, Clemens},
  journal = {IEEE Software},
  number = {1},
  pages = {28--33},
  title = {{How is Open Source Affecting Software Development?}},
  volume = {21},
  year = {2004}
}

@article{Sutherland1995,
  author = {Sutherland, Jeff},
  journal = {ACM SIGPLAN OOPS Messenger},
  number = {4},
  pages = {170--175},
  title = {{Business Object Design and Implementation Workshop}},
  volume = {6},
  year = {1995}
}

@article{VonHippel2001,
  author = {{Von Hippel},
  Eric},
  journal = {MIT Sloan Management Review},
  number = {4},
  pages = {82--86},
  publisher = {Sloan Management Review},
  title = {{Innovation by User Communities: Learning from Open-Source Software}},
  volume = {42},
  year = {2001}
}

@book{Beck1999a,
  author = {Beck, Kent and Andres, Cynthia},
  isbn = {0201616416},
  pages = {224},
  publisher = {Addison-Wesley},
  title = {{Extreme Programming Explained: Embrace Change}},
  volume = {1},
  year = {1999}
}

@book{DeGrace1990,
  author = {DeGrace, P. and Stahl, L. H.},
  publisher = {Yourdon Press},
  title = {{Wicked Problems and Righteous Solutions: A Catalogue of Modern Software Engineering Paradigms}},
  year = {1990}
}

@book{Glaser1967,
  author = {Glaser, Barney G. and Strauss, Anselm L.},
  booktitle = {Discovery},
  isbn = {0202302601},
  pages = {271},
  publisher = {Aldine de Gruyter},
  title = {{The Discovery of Grounded Theory}},
  volume = {20},
  year = {1967}
}

@book{Mayring2008,
  author = {Mayring, Philipp},
  booktitle = {Aufl Beltz},
  isbn = {978-3-407-25501-3},
  issn = {38927108},
  pages = {135},
  pmid = {355418924},
  publisher = {Beltz},
  title = {{Qualitative Inhaltsanalyse. Grundlagen und Techniken}},
  volume = {10},
  year = {1983}
}

@book{Strauss1990,
  author = {Strauss, Anselm L. and Corbin, Juliet M.},
  booktitle = {Basics of Qualitative Research Techniques and Procedures for Developing Grounded Theory},
  isbn = {0803932502},
  pages = {270},
  publisher = {Sage},
  title = {{Basics of Qualitative Research: Grounded Theory Procedures and Techniques}},
  volume = {2},
  year = {1990}
}

@book{feller2005,
  author = {Feller, Joseph},
  booktitle = {Source},
  editor = {Feller, Joseph and Fitzgerald, Brian and Hissam, Scott A and Lakhani, Karim R},
  isbn = {0262062461},
  publisher = {MITPress, London},
  title = {{Perspectives on Free and Open Source Software}},
  year = {2005}
}

@inbook{Scacchi2006,
  author = {Scacchi, Walt},
  booktitle = {Software Evolution and Feedback: Theory and Practice},
  pages = {181--205},
  title = {{Understanding Open-Source Software Evolution}},
  year = {2006}
}

@incollection{Kaplan1994,
  author = {Kaplan, Bonnie and Maxwell, Joseph A.},
  booktitle = {Evaluating Health Care Information Systems Methods and Applications},
  pages = {45--68},
  publisher = {Sage},
  series = {Health Informatics},
  title = {{Qualitative Research Methods for Evaluating Computer Information Systems}},
  volume = {Part I},
  year = {1994}
}

@incollection{Koch2004,
  author = {Koch, Stefan},
  booktitle = {Extreme Programming and Agile Processes in Software Engineering},
  pages = {85--93},
  publisher = {Springer},
  series = {Lecture Notes in Computer Science 3092},
  title = {{Agile Principles and Open Source Software Development: A Theoretical and Empirical Discussion}},
  year = {2004}
}

@inproceedings{Bainbridge2003,
  author = {Bainbridge, David and Cunningham, Sally Jo and Downie, J Stephen},
  booktitle = {Proceedings of the 4th International Conference on Music Information Retrieval},
  pages = {221--222},
  title = {{How People Describe their Music Information Needs: A Grounded Theory Analysis of Music Queries}},
  year = {2003}
}

@inproceedings{Capiluppi2007,
  author = {Capiluppi, Andrea and Michlmayr, Martin},
  booktitle = {Open Source Development, Adoption and Innovation},
  pages = {31--44},
  publisher = {Springer},
  title = {{From the Cathedral to the Bazaar: An Empirical Study of the Lifecycle of Volunteer Community Projects}},
  volume = {234},
  year = {2007}
}

@inproceedings{Crowston2004,
  author = {Crowston, Kevin and Annabi, Hala and Howison, James and Masango, Chengetai},
  booktitle = {Collaboration, Conflict and Control: The 4th Workshop on Open Source Software Engineering, International Conference on Software Enginnering},
  title = {{Towards A Portfolio of FLOSS Project Success Measures}},
  year = {2004}
}

@inproceedings{Crowston2005,
  author = {Crowston, Kevin and Annabi, Hala and Howison, James and Masango, Chengetai},
  booktitle = {Proceedings of the 38th Annual Hawaii International Conference on System Sciences},
  publisher = {IEEE Computer Society},
  title = {{Effective Work Practices for FLOSS Development: A Model and Propositions}},
  year = {2005}
}

@inproceedings{DiBonaChrisandOckmanSamandStone1999,
  author = {DiBona, Chris and Ockman, Sam and Stone, Mark},
  edition = {1st Editio},
  editor = {DiBona, Chris and Ockman, Sam and Stone, Mark},
  isbn = {1-56592-582-3},
  number = {1st Edition},
  pages = {294},
  publisher = {O’Reilly},
  title = {{Open Sources. Voices from the Open Source Revolution}},
  year = {1999}
}

@inproceedings{Dinh-Trong2004,
  author = {Dinh-Trong, Trung T and Bieman, James M},
  booktitle = {IEEE METRICS},
  pages = {96--105},
  publisher = {IEEE Computer Society},
  title = {{Open Source Software Development: A Case Study of FreeBSD}},
  year = {2004}
}

@inproceedings{Godfrey2000,
  author = {Godfrey, Michael W and Tu, Qiang},
  booktitle = {The International Conference on Software Maintenance},
  title = {{Evolution in Open Source Software: A Case Study}},
  year = {2000}
}

@inproceedings{Ogawa2007,
  author = {Ogawa, Michael and Ma, Kwan-Liu and Bird, Christian and Devanbu, Premkumar and Gourley, Alex},
  booktitle = {APVIS},
  pages = {25--32},
  publisher = {IEEE Computer Society},
  title = {{Visualizing Social Interaction in Open Source Software Projects}},
  year = {2007}
}

@inproceedings{Perry2000,
  author = {Perry, Dewayne E and Porter, Adam A and Votta, Lawrence G},
  booktitle = {Proceedings of the Conference on the Future of Software Engineering},
  organization = {ACM},
  pages = {345--355},
  title = {{Empirical Studies of Software Engineering: A Roadmap}},
  year = {2000}
}

@inproceedings{Warsta2003,
  author = {Warsta, Juhani and Abrahamsson, Pekka},
  booktitle = {Proceedings of the 3rd Workshop on Open Source Software Engineering 25th International Conference on Software Engineering},
  pages = {143--147},
  title = {{Is Open Source Software Development Essentially an Agile Method?}},
  year = {2003}
}

@inproceedings{marmorstein2011,
  author = {Marmorstein, Robert M},
  booktitle = {ITiCSE},
  editor = {R\"{o}\ss ling, Guido and Naps, Thomas L and Spannagel, Christian},
  isbn = {978-1-4503-0697-3},
  pages = {268--272},
  publisher = {ACM},
  title = {{Open Source Contribution As An Effective Software Engineering Class Project}},
  year = {2011}
}

@misc{DebianAbout,
  author = {{Debian Project}},
  keywords = {Debian},
  title = {{About Debian}},
  url = {http://www.debian.org/intro/about}
}

@misc{DebianDebConf,
  author = {{Debian Project}},
  keywords = {Debian},
  title = {{DebConf}},
  url = {http://debconf.org/}
}

@misc{DebianDev,
  author = {{Debian Project}},
  keywords = {Debian},
  title = {{Debian Developer}},
  url = {http://wiki.debian.org/DebianDeveloper}
}

@misc{DebianFAQ,
  author = {{Debian Project}},
  keywords = {Debian},
  title = {{The Debian GNU/Linux FAQ}},
  url = {http://www.debian.org/doc/manuals/debian-faq/}
}

@misc{DebianHistory,
  author = {{Debian Project}},
  keywords = {Debian},
  title = {{A Brief History of Debian}},
  url = {http://www.debian.org/doc/manuals/project-history/}
}

@misc{DebianLicense,
  author = {{Debian Project}},
  keywords = {Debian},
  title = {{License information}},
  url = {http://www.debian.org/legal/licenses/index.en.html}
}

@misc{DebianMailingLists,
  author = {{Debian Project}},
  keywords = {Debian},
  title = {{Mailing Lists}},
  url = {http://www.debian.org/MailingLists/}
}

@misc{DebianMaintainer,
  author = {{Debian Project}},
  keywords = {Debian},
  title = {{Debian Maintainer}},
  url = {http://wiki.debian.org/DebianMaintainer}
}

@misc{DebianNewMembers,
  author = {{Debian Project}},
  keywords = {Debian},
  title = {{Debian New Members Corner}},
  url = {http://www.debian.org/devel/join/newmaint}
}

@misc{DebianOrg,
  author = {{Debian Project}},
  keywords = {Debian},
  title = {{Debian's Organizational Structure}},
  url = {http://www.debian.org/intro/organization}
}

@misc{DebianPorts,
  author = {{Debian Project}},
  keywords = {Debian},
  title = {{Ports}},
  url = {http://www.debian.org/ports/}
}

@misc{DebianReleaseGoals,
  author = {{Debian Project}},
  keywords = {Debian},
  month = jul,
  title = {{Debian GNU/Linux 6.0 "Squeeze" Release Goals}},
  url = {http://www.debian.org/News/2009/20090730.en.html},
  year = {2009}
}

@misc{DebianReleaseManagement,
  author = {{Debian Project}},
  keywords = {Debian},
  title = {{Debian Release Management}},
  url = {http://release.debian.org/}
}

@misc{DebianReleases,
  author = {{Debian Project}},
  keywords = {Debian},
  title = {{Debian Releases}},
  url = {http://www.debian.org/releases/}
}

@misc{DebianVoting,
  author = {{Debian Project}},
  keywords = {Debian},
  title = {{Debian Voting Information}},
  url = {http://www.debian.org/vote/}
}

@misc{DrupalBuiltWith,
  author = {BuiltWith},
  keywords = {Drupal},
  title = {{Drupal Usage Trends}},
  url = {http://trends.builtwith.com/cms/Drupal}
}

@misc{DrupalBuytaert,
  author = {Buytaert, Dries},
  keywords = {Drupal},
  month = jun,
  title = {{Drupal Contributor Statistics}},
  url = {http://buytaert.net/drupal-contributor-statistics-2011},
  year = {2011}
}

@misc{DrupalCoreDevelopers,
  author = {{Drupal Project}},
  keywords = {Drupal},
  title = {{Core Developers}},
  url = {http://drupal.org/node/21778}
}

@misc{DrupalHistory,
  author = {{Drupal Project}},
  keywords = {Drupal},
  title = {{History}},
  url = {http://drupal.org/about/history}
}

@misc{DrupalInitiatives,
  author = {{Drupal Project}},
  keywords = {Drupal},
  mendeley-tags = {Drupal},
  title = {{Drupal Core Initiatives}},
  url = {http://drupal.org/community-initiatives/drupal-core}
}

@misc{DrupalIssueLevels,
  author = {{Drupal Project}},
  keywords = {Drupal},
  title = {{Priority Levels of Issues}},
  url = {http://drupal.org/node/45111}
}

@misc{DrupalOverview,
  author = {{Drupal Project}},
  keywords = {Drupal},
  title = {{The Drupal Overview}},
  url = {http://drupal.org/node/265726}
}

@misc{DrupalReleaseCycle,
  author = {{Drupal Project}},
  keywords = {Drupal},
  title = {{Drupal Core's Release Cycle}},
  url = {http://drupal.org/node/935558}
}

@misc{DrupalUpgrade,
  author = {{Drupal Project}},
  keywords = {Drupal},
  mendeley-tags = {Drupal},
  title = {{Upgrading from Previous Versions}},
  url = {http://drupal.org/upgrade}
}

@misc{DrupalW3Techs,
  author = {W3Techs},
  keywords = {Drupal},
  title = {{Usage Statistics and Market Share of Content Management Systems for Websites}},
  url = {http://w3techs.com/technologies/overview/content_management/all}
}

@misc{DrupalWalling,
  author = {Walling, John},
  keywords = {Drupal},
  month = nov,
  title = {{Drupal Events}},
  url = {http://www.listology.com/jwalling/list/drupal-events},
  year = {2011}
}

@misc{FedoraAbout,
  author = {{Fedora Project}},
  keywords = {Fedora},
  title = {{What is Fedora and what Makes it Different}},
  url = {https://fedoraproject.org/about-fedora}
}

@misc{FedoraBoard,
  author = {{Fedora Project}},
  keywords = {Fedora},
  title = {{Board}},
  url = {http://fedoraproject.org/wiki/Board}
}

@misc{FedoraCommunicating,
  author = {{Fedora Project}},
  keywords = {Fedora},
  title = {{Communicating and Getting Help}},
  url = {http://fedoraproject.org/wiki/Communicate}
}

@misc{FedoraFESCo,
  author = {{Fedora Project}},
  keywords = {Fedora},
  title = {{Fedora Engineering Steering Committee}},
  url = {http://fedoraproject.org/wiki/Fedora_Engineering_Steering_Committee}
}

@misc{FedoraFUDCon,
  author = {{Fedora Project}},
  keywords = {Fedora},
  title = {{FUDCon}},
  url = {http://fedoraproject.org/wiki/FUDCon}
}

@misc{FedoraFWN,
  author = {{Fedora Project}},
  keywords = {Fedora},
  title = {{Fedora Weekly Newsletter}},
  url = {http://fedoraproject.org/wiki/FWN}
}

@misc{FedoraFeatures,
  author = {{Fedora Project}},
  keywords = {Fedora},
  title = {{Features Policy Guidelines}},
  url = {http://fedoraproject.org/wiki/Features/Policy}
}

@misc{FedoraHistoricalSchedules,
  author = {{Fedora Project}},
  keywords = {Fedora},
  title = {{Historical Fedora Release Schedules}},
  url = {http://fedoraproject.org/wiki/Releases/HistoricalSchedules}
}

@misc{FedoraJoin,
  author = {{Fedora Project}},
  keywords = {Fedora},
  title = {{Join}},
  url = {https://fedoraproject.org/wiki/Join}
}

@misc{FedoraLicensing,
  author = {{Fedora Project}},
  keywords = {Fedora},
  title = {{Licensing Guidelines}},
  url = {https://fedoraproject.org/wiki/Licensing}
}

@misc{FedoraLifeCycle,
  author = {{Fedora Project}},
  keywords = {Fedora},
  title = {{Fedora Release Life Cycle}},
  url = {http://fedoraproject.org/wiki/LifeCycle}
}

@misc{FedoraReleaseEngineering,
  author = {{Fedora Project}},
  keywords = {Fedora},
  title = {{Release Engineering}},
  url = {http://fedoraproject.org/wiki/ReleaseEngineering/Overview}
}

@misc{FedoraSIG,
  author = {{Fedora Project}},
  keywords = {Fedora},
  title = {{SIGs}},
  url = {http://fedoraproject.org/wiki/SIGs}
}

@misc{FedoraStatistics,
  author = {{Fedora Project}},
  keywords = {Fedora},
  title = {{Statistics}},
  url = {http://fedoraproject.org/wiki/Statistics#Contributors}
}

@misc{FedoraTogami,
  author = {{Fedora Project}},
  keywords = {Fedora},
  title = {{Warren Togami Biography}},
  url = {http://fedoraproject.org/wiki/User:Wtogami}
}

@misc{GNOMEAbout,
  author = {{GNOME Project}},
  keywords = {GNOME},
  title = {{About Us}},
  url = {http://www.gnome.org/about/}
}

@misc{GNOMEAnnouncement,
  author = {{GNOME Project}},
  keywords = {GNOME},
  month = aug,
  title = {{The GNOME Desktop Project}},
  url = {http://mail.gnome.org/archives/gtk-list/1997-August/msg00123.html},
  year = {1997}
}

@misc{GNOMEDesignTeam,
  author = {{GNOME Project}},
  keywords = {GNOME},
  title = {{Design Team}},
  url = {https://live.gnome.org/Design}
}

@misc{GNOMEDevelopmentSchedule,
  author = {{GNOME Project}},
  keywords = {GNOME},
  title = {{GNOME 3.3.x Development Series}},
  url = {https://live.gnome.org/ThreePointThree}
}

@misc{GNOMEFeatures3.4,
  author = {{GNOME Project}},
  keywords = {GNOME},
  title = {{Proposed Features for GNOME 3.4}},
  url = {https://live.gnome.org/ThreePointThree/Features}
}

@misc{GNOMEGUADEC,
  author = {{GNOME Project}},
  keywords = {GNOME},
  title = {{About GUADEC 2012}},
  url = {http://guadec.org/?q=node/3}
}

@misc{GNOMEHIG,
  author = {{GNOME Project}},
  keywords = {GNOME},
  title = {{GNOME Human Interface Guidelines}},
  url = {http://developer.gnome.org/hig-book/}
}

@misc{GNOMEPress,
  author = {{GNOME Project}},
  keywords = {GNOME},
  month = apr,
  title = {{GNOME 3.0 released}},
  url = {http://www.gnome.org/press/2011/04/gnome-3-0-released-better-for-users-developers-3/},
  year = {2011}
}

@misc{GNOMEReleaseTeam,
  author = {{GNOME Project}},
  keywords = {GNOME},
  title = {{Guide for New Release Team Members}},
  url = {https://live.gnome.org/ReleasePlanning/NewReleaseTeamMembers}
}

@misc{GNOMERoadMap,
  author = {{GNOME Project}},
  keywords = {GNOME},
  title = {{Road Map}},
  url = {https://live.gnome.org/RoadMap}
}

@misc{GNOMESchedule,
  author = {{GNOME Project}},
  keywords = {GNOME},
  title = {{GNOME Release Schedule}},
  url = {https://live.gnome.org/Schedule}
}

@misc{GNOMETeams,
  author = {{GNOME Project}},
  keywords = {GNOME},
  title = {{Teams}},
  url = {http://www.gnome.org/teams/}
}

@misc{KDEAbout,
  author = {{KDE Project}},
  keywords = {KDE},
  title = {{About KDE}},
  url = {http://kde.org/community/whatiskde/}
}

@misc{KDEAnnouncement,
  author = {{KDE Project}},
  keywords = {KDE},
  month = oct,
  title = {{KDE Project Announcement}},
  url = {http://kde.org/documentation/posting.txt},
  year = {1996}
}

@misc{KDEContribute,
  author = {{KDE Project}},
  keywords = {KDE},
  title = {{Contribute}},
  url = {http://techbase.kde.org/Contribute}
}

@misc{KDEContributor,
  author = {{KDE Project}},
  keywords = {KDE},
  title = {{Get a Contributor Account}},
  url = {http://techbase.kde.org/Contribute/Get_a_Contributor_Account}
}

@misc{KDEDevelopmentModel,
  author = {{KDE Project}},
  keywords = {KDE},
  title = {{Development Model}},
  url = {http://kde.org/community/whatiskde/devmodel.php}
}

@misc{KDEFAQ,
  author = {{KDE Project}},
  keywords = {KDE},
  title = {{General FAQ}},
  url = {http://techbase.kde.org/Development/FAQs/General_FAQ}
}

@misc{KDEHistory,
  author = {{KDE Project}},
  keywords = {KDE},
  title = {{KDE History}},
  url = {http://kde.org/community/history/}
}

@misc{KDEPress,
  author = {{KDE Project}},
  keywords = {KDE},
  title = {{Press Page}},
  url = {http://kde.org/presspage/}
}

@misc{KDEProjectManagement,
  author = {{KDE Project}},
  keywords = {KDE},
  title = {{Project Management}},
  url = {http://kde.org/community/whatiskde/management.php}
}

@misc{KDEReleaseSchedule,
  author = {{KDE Project}},
  keywords = {KDE},
  title = {{KDE 4.8 Release Schedule}},
  url = {http://techbase.kde.org/Schedules/KDE4/4.8_Release_Schedule}
}

@misc{KDEReleaseTeam,
  author = {{KDE Project}},
  keywords = {KDE},
  title = {{Release Team}},
  url = {http://techbase.kde.org/Projects/Release_Team}
}

@misc{KDESC,
  author = {{KDE Project}},
  keywords = {KDE},
  title = {{KDE Software Compilation}},
  url = {http://kde.org/community/whatiskde/softwarecompilation.php}
}

@misc{KDESchedule,
  author = {{KDE Project}},
  keywords = {KDE},
  title = {{Schedules}},
  url = {http://techbase.kde.org/Schedules}
}

@misc{McGovern2011,
  author = {McGovern, Neil},
  keywords = {Debian},
  month = jun,
  title = {{Bits from the Release Team}},
  url = {http://lists.debian.org/debian-devel-announce/2011/06/msg00003.html},
  year = {2011}
}

@misc{MySQLAbout,
  author = {{Monty Program Ab}},
  keywords = {MySQL},
  title = {{About MariaDB}},
  url = {http://kb.askmonty.org/en/about-mariadb}
}

@misc{MySQLBehind,
  author = {{Monty Program Ab}},
  keywords = {MySQL},
  title = {{Who is Behind MariaDB?}},
  url = {http://kb.askmonty.org/en/who-is-behind-mariadb}
}

@misc{MySQLCaptain,
  author = {{Monty Program Ab}},
  keywords = {MySQL},
  title = {{What Are the Criteria for Becoming a Maria-Captain?}},
  url = {http://kb.askmonty.org/en/what-are-the-criteria-for-becoming-a-maria-captain}
}

@misc{MySQLConference,
  author = {{Oracle Corporation}},
  keywords = {MySQL},
  title = {{MySQL Users Conference \& Expo}},
  url = {http://www.mysql.com/news-and-events/users-conference/2010/}
}

@misc{MySQLContributing,
  author = {{Monty Program Ab}},
  keywords = {MySQL},
  title = {{Contributing to the MariaDB Project}},
  url = {http://kb.askmonty.org/en/community-contributing-to-the-mariadb-project}
}

@misc{MySQLContributingCode,
  author = {{Monty Program Ab}},
  keywords = {MySQL},
  title = {{Contributing Code}},
  url = {http://kb.askmonty.org/en/contributing-code}
}

@misc{MySQLDevelopers,
  author = {{Monty Program Ab}},
  keywords = {MySQL},
  title = {{Where Are Other Users and Developers of MariaDB?}},
  url = {http://kb.askmonty.org/en/where-are-other-users-and-developers-of-mariadb}
}

@misc{MySQLHistory,
  author = {{Oracle Corporation}},
  keywords = {MySQL},
  title = {{History of MySQL}},
  url = {http://dev.mysql.com/doc/refman/5.6/en/history.html}
}

@misc{MySQLLicense,
  author = {{Monty Program Ab}},
  keywords = {MySQL},
  title = {{What License Does MariaDB Use?}},
  url = {http://kb.askmonty.org/en/what-license-does-mariadb-use}
}

@misc{MySQLMariaDB5.1,
  author = {{Monty Program Ab}},
  keywords = {MySQL},
  title = {{What is MariaDB 5.1}},
  url = {http://kb.askmonty.org/en/what-is-mariadb-51}
}

@misc{MySQLOracle,
  author = {{Oracle Corporation}},
  keywords = {MySQL},
  month = jan,
  title = {{Oracle Completes Acquisition of Sun}},
  url = {http://www.oracle.com/us/corporate/press/044428},
  year = {2010}
}

@misc{MySQLPlans,
  author = {{Monty Program Ab}},
  keywords = {MySQL},
  title = {{Plans for 5.6}},
  url = {http://kb.askmonty.org/en/plans-for-56}
}

@misc{MySQLReleaseCoordinator,
  author = {{Monty Program Ab}},
  keywords = {MySQL},
  title = {{Release Coordinator}},
  url = {http://kb.askmonty.org/en/release-coordinator}
}

@misc{MySQLReleaseCriteria,
  author = {{Monty Program Ab}},
  keywords = {MySQL},
  title = {{Release Criteria}},
  url = {http://kb.askmonty.org/en/release-criteria}
}

@misc{MySQLRoadmap,
  author = {{Monty Program Ab}},
  keywords = {MySQL},
  title = {{MariaDB Roadmap}},
  url = {http://kb.askmonty.org/en/mariadb-roadmap}
}

@misc{MySQLSun,
  author = {{Sun Microsystems Inc.}},
  keywords = {MySQL},
  month = jan,
  title = {{Sun to Acquire MySQL}},
  url = {http://www.mysql.com/news-and-events/sun-to-acquire-mysql.html},
  year = {2008}
}

@misc{MySQLVersion,
  author = {{Oracle Corporation}},
  keywords = {MySQL},
  title = {{Choosing Which Version of MySQL to Install}},
  url = {http://dev.mysql.com/doc/refman/5.1/en/choosing-version.html}
}

@misc{PHPConferences,
  author = {{PHP Group}},
  keywords = {PHP},
  title = {{PHP Conferences Around the World}},
  url = {http://www.php.net/conferences/index.php}
}

@misc{PHPCredits,
  author = {{PHP Group}},
  keywords = {PHP},
  title = {{Credits}},
  url = {http://www.php.net/credits.php}
}

@misc{PHPHistory,
  author = {{PHP Group}},
  keywords = {PHP},
  title = {{History of PHP}},
  url = {http://www.php.net/manual/en/history.php.php}
}

@misc{PHPIntro,
  author = {{PHP Group}},
  keywords = {PHP},
  title = {{What can PHP do?}},
  url = {http://www.php.net/manual/en/intro-whatcando.php}
}

@misc{PHPManual,
  author = {{PHP Group}},
  keywords = {PHP},
  title = {{PHP Manual}},
  url = {http://www.php.net/manual/en/index.php}
}

@misc{PHPRFC,
  author = {{PHP Group}},
  keywords = {PHP},
  title = {{Request for Comments}},
  url = {https://wiki.php.net/rfc}
}

@misc{PHPRelease,
  author = {{PHP Group}},
  keywords = {PHP},
  title = {{RFC Release Process}},
  url = {https://wiki.php.net/rfc/releaseprocess}
}

@misc{PHPStats,
  author = {{PHP Group}},
  keywords = {PHP},
  month = jul,
  title = {{PHP Usage Stats}},
  url = {http://www.php.net/usage.php},
  year = {2007}
}

@misc{PHPVoting,
  author = {{PHP Group}},
  keywords = {PHP},
  title = {{RFC Voting on PHP features}},
  url = {https://wiki.php.net/rfc/voting}
}

@misc{PHPW3Techs,
  author = {W3Techs},
  keywords = {PHP},
  title = {{Usage Statistics and Market Share of Server-Side Programming Languages for Websites}},
  url = {http://w3techs.com/technologies/overview/programming_language/all}
}

@misc{PHPWhoVote,
  author = {{PHP Group}},
  keywords = {PHP},
  title = {{RFC Who can Vote?}},
  url = {https://wiki.php.net/rfc/voting_who}
}

@misc{Perrier2011,
  author = {Perrier, Christian},
  keywords = {Debian},
  month = jun,
  title = {{Developers per Country}},
  url = {http://www.perrier.eu.org/weblog/2011/06/12#devel-countries-201106-3},
  year = {2011}
}

@misc{PloneCommunityProcesses,
  author = {{Plone Project}},
  keywords = {Plone},
  title = {{Community Processes}},
  url = {http://dev.plone.org/wiki/CommunityProcesses}
}

@misc{PloneConferences,
  author = {{Plone Project}},
  keywords = {Plone},
  title = {{Plone Conferences}},
  url = {http://plone.org/events/conferences}
}

@misc{PloneContribute,
  author = {{Plone Project}},
  keywords = {Plone},
  title = {{How You Can Contribute to Plone}},
  url = {http://dev.plone.org/wiki/ContributePlone}
}

@misc{PloneFaq,
  author = {{Plone Project}},
  keywords = {Plone},
  title = {{Plone FAQ}},
  url = {http://plone.org/documentation/faq}
}

@misc{PloneFixedReleaseCycle,
  author = {{Plone Project}},
  keywords = {Plone},
  month = mar,
  title = {{Plone Alters PLIP Process to Implement a 6 Month Fixed Release Cycle}},
  url = {http://plone.org/news/newsixmonthreleasecycle},
  year = {2011}
}

@misc{PloneFounders,
  author = {{Plone Project}},
  keywords = {Plone},
  title = {{Plone Founders}},
  url = {http://plone.org/team}
}

@misc{PloneFrameworkTeam,
  author = {{Plone Project}},
  keywords = {Plone},
  title = {{Plone Framework Team}},
  url = {http://dev.plone.org/wiki/FrameworkTeam}
}

@misc{PloneOhlohFactoids,
  author = {{Black Duck Software Inc.}},
  keywords = {Plone},
  title = {{Ohloh Plone Factoids}},
  url = {http://www.ohloh.net/p/plone/factoids},
  year = {2011}
}

@misc{PlonePLIPLifecycle,
  author = {{Plone Project}},
  keywords = {Plone},
  title = {{PLIP Lifecycle}},
  url = {http://dev.plone.org/wiki/PLIPLifecycle}
}

@misc{PlonePLIPProcess,
  author = {{Plone Project}},
  keywords = {Plone},
  title = {{PLIP Process}},
  url = {http://dev.plone.org/wiki/PlipProcess}
}

@misc{PlonePaidReleaseManager,
  author = {{Plone Project}},
  keywords = {Plone},
  month = oct,
  title = {{Plone Gets Paid Release Manager}},
  url = {http://plone.org/news/plone-gets-paid-release-management},
  year = {2004}
}

@misc{PloneReleaseManagers,
  author = {{Plone Project}},
  keywords = {Plone},
  title = {{Plone Release Managers}},
  url = {http://plone.org/team/ReleaseManagers}
}

@misc{PloneReleaseProcess,
  author = {{Plone Project}},
  keywords = {Plone},
  title = {{Plone Release Process}},
  url = {http://dev.plone.org/wiki/ReleaseProcess}
}

@misc{PloneReleases,
  author = {{Plone Project}},
  keywords = {Plone},
  title = {{Releases}},
  url = {http://plone.org/products/plone/releases}
}

@misc{PloneSprints,
  author = {{Plone Project}},
  keywords = {Plone},
  title = {{Plone Sprints}},
  url = {http://plone.org/events/sprints}
}

@misc{PloneWhatIsPlone,
  author = {{Plone Project}},
  keywords = {Plone},
  title = {{What is Plone?}},
  url = {http://plone.org/about/}
}

@misc{PostgreSQLAbout,
  author = {{PostgreSQL Global Development Group}},
  keywords = {PostgreSQL},
  title = {{About}},
  url = {http://www.postgresql.org/about/}
}

@misc{PostgreSQLAwards,
  author = {{PostgreSQL Global Development Group}},
  keywords = {PostgreSQL},
  title = {{Awards}},
  url = {http://www.postgresql.org/about/awards/}
}

@misc{PostgreSQLCommitFest,
  author = {{PostgreSQL Global Development Group}},
  keywords = {PostgreSQL},
  title = {{Commit Fest}},
  url = {http://wiki.postgresql.org/wiki/CommitFest}
}

@misc{PostgreSQLCommitFestRunning,
  author = {{PostgreSQL Global Development Group}},
  keywords = {PostgreSQL},
  title = {{Running a Commit Fest}},
  url = {http://wiki.postgresql.org/wiki/Running_a_CommitFest}
}

@misc{PostgreSQLContributors,
  author = {{PostgreSQL Global Development Group}},
  keywords = {PostgreSQL},
  title = {{Contributor Profiles}},
  url = {http://www.postgresql.org/community/contributors/}
}

@misc{PostgreSQLDevFAQ,
  author = {{PostgreSQL Global Development Group}},
  keywords = {PostgreSQL},
  title = {{Developer FAQ}},
  url = {http://wiki.postgresql.org/wiki/Developer_FAQ}
}

@misc{PostgreSQLDevelopment,
  author = {{PostgreSQL Global Development Group}},
  keywords = {PostgreSQL},
  title = {{PostgreSQL 9.2 Development Plan}},
  url = {http://wiki.postgresql.org/wiki/PostgreSQL_9.2_Development_Plan}
}

@misc{PostgreSQLDownload,
  author = {{PostgreSQL Global Development Group}},
  keywords = {PostgreSQL},
  title = {{Downloads}},
  url = {http://www.postgresql.org/download/}
}

@misc{PostgreSQLEvents,
  author = {{PostgreSQL Global Development Group}},
  keywords = {PostgreSQL},
  title = {{Events}},
  url = {http://www.postgresql.org/about/eventarchive/}
}

@misc{PostgreSQLFAQ,
  author = {{PostgreSQL Global Development Group}},
  keywords = {PostgreSQL},
  title = {{Frequently Asked Press Questions}},
  url = {http://www.postgresql.org/about/press/faq/}
}

@misc{PostgreSQLHistory,
  author = {{PostgreSQL Global Development Group}},
  keywords = {PostgreSQL},
  title = {{History}},
  url = {http://www.postgresql.org/about/history/}
}

@misc{PostgreSQLLicense,
  author = {{PostgreSQL Global Development Group}},
  keywords = {PostgreSQL},
  title = {{License}},
  url = {http://www.postgresql.org/about/licence/}
}

@misc{PostgreSQLPressKit,
  author = {{PostgreSQL Global Development Group}},
  keywords = {PostgreSQL},
  title = {{PostgreSQL 9.1 Press Kit}},
  url = {http://www.postgresql.org/about/press/presskit91/}
}

@misc{PostgreSQLVersioning,
  author = {{PostgreSQL Global Development Group}},
  keywords = {PostgreSQL},
  title = {{Versioning Policy}},
  url = {http://www.postgresql.org/support/versioning/}
}

@misc{PythonAbout,
  author = {{Python Software Foundation}},
  keywords = {Python},
  title = {{What is Python? Executive Summary}},
  url = {http://www.python.org/doc/essays/blurb/}
}

@misc{PythonCommunication,
  author = {{Python Software Foundation}},
  keywords = {Python},
  title = {{Following Python's Development}},
  url = {http://docs.python.org/devguide/communication.html}
}

@misc{PythonConferences,
  author = {{Python Software Foundation}},
  keywords = {Python},
  title = {{Conferences and Workshops}},
  url = {http://www.python.org/community/workshops/}
}

@misc{PythonCoreDeveloper,
  author = {{Python Software Foundation}},
  keywords = {Python},
  title = {{How to Become a Core Developer}},
  url = {http://docs.python.org/devguide/coredev.html}
}

@misc{PythonDevelopmentCycle,
  author = {{Python Software Foundation}},
  keywords = {Python},
  title = {{Development Cycle}},
  url = {http://docs.python.org/devguide/devcycle.html}
}

@misc{PythonLicence,
  author = {{Python Software Foundation}},
  keywords = {Python},
  title = {{History and License}},
  url = {http://docs.python.org/license.html}
}

@misc{PythonPatchLifecycle,
  author = {{Python Software Foundation}},
  keywords = {Python},
  title = {{Lifecycle of a Patch}},
  url = {http://docs.python.org/devguide/patch.html}
}

@misc{Venners2003,
  author = {Venners, Bill},
  keywords = {Python},
  month = jan,
  title = {{The Making of Python - A Conversation with Guido van Rossum, Part I}},
  url = {http://www.artima.com/intv/pythonP.html},
  year = {2003}
}

@misc{Warsaw2000,
  author = {Warsaw, Barry and Hylton, Jeremy and Goodger, David},
  keywords = {Python},
  month = jun,
  title = {{PEP Purpose and Guidelines -- PEP 1}},
  url = {http://www.python.org/dev/peps/pep-0001/},
  year = {2000}
}

@misc{Warsaw2001,
  author = {Warsaw, Barry and van Rossum, Guido},
  keywords = {Python},
  month = aug,
  title = {{Doing Python Releases -- PEP 101}},
  url = {http://www.python.org/dev/peps/pep-0101/},
  year = {2001}
}

@misc{Warsaw2002,
  author = {Warsaw, Barry},
  keywords = {Python},
  month = mar,
  title = {{Voting Guidelines -- PEP 10}},
  url = {http://www.python.org/dev/peps/pep-0010/},
  year = {2002}
}

@phdthesis{Aspeli2005,
  author = {Aspeli, Martin},
  booktitle = {Information Systems},
  keywords = {Plone},
  school = {London School of Economics and Political Science},
  title = {{Plone: A Model of a Mature Open Source Project}},
  type = {Master's Thesis},
  year = {2005}
}

@phdthesis{Grazzini2009,
  author = {Grazzini, Jakob},
  number = {June},
  school = {University of Turin},
  title = {{The Open Source Phenomenon}},
  type = {Working Paper},
  year = {2009}
}

@phdthesis{Johnson2001,
  author = {Johnson, Kim},
  booktitle = {Design},
  number = {403},
  school = {University of Calgary},
  title = {{A Descriptive Process Model for Open-Source Software Development}},
  type = {Master's Thesis},
  year = {2001}
}

@phdthesis{Kim2003,
  author = {Kim, Eugene Eric},
  booktitle = {Source},
  school = {Blue Oxen Associates},
  title = {{An Introduction to Open Source Communities}},
  type = {Working Paper},
  year = {2003}
}

@techreport{Lerner2000,
  author = {Lerner, Josh and Tirole, Jean},
  publisher = {National Bureau of Economic Research},
  title = {{The Simple Economics of Open Source}},
  year = {2000}
}
